%# -*- coding: utf-8-unix -*-

@Misc{Lichman:2013,
author = {M. Lichman},
year = {2013},
title = {{UCI} Machine Learning Repository},
howpublished = {\url{http://archive.ics.uci.edu/ml}},
institution = "University of California, Irvine, School of Information and Computer Sciences" }
}

@book{webb2003statistical,
  title={Statistical pattern recognition},
  author={Webb, Andrew R},
  year={2003},
  publisher={John Wiley \& Sons}
}

@inproceedings{milenova2005svm,
  title={SVM in oracle database 10g: removing the barriers to widespread adoption of support vector machines},
  author={Milenova, Boriana L and Yarmus, Joseph S and Campos, Marcos M},
  booktitle={Proceedings of the 31st international conference on Very large data bases},
  pages={1152--1163},
  year={2005},
  organization={VLDB Endowment}
}

@article{hu2015differential,
  title={Differential privacy in telco big data platform},
  author={Hu, Xueyang and Yuan, Mingxuan and Yao, Jianguo and Deng, Yu and Chen, Lei and Yang, Qiang and Guan, Haibing and Zeng, Jia},
  journal={Proceedings of the VLDB Endowment},
  volume={8},
  number={12},
  pages={1692--1703},
  year={2015},
  publisher={VLDB Endowment}
}

@article{safavian1990survey,
  title={A survey of decision tree classifier methodology},
  author={Safavian, S Rasoul and Landgrebe, David},
  year={1990}
}


@article{burges1998tutorial,
  title={A tutorial on support vector machines for pattern recognition},
  author={Burges, Christopher JC},
  journal={Data mining and knowledge discovery},
  volume={2},
  number={2},
  pages={121--167},
  year={1998},
  publisher={Springer}
}

@book{vapnik2013nature,
  title={The nature of statistical learning theory},
  author={Vapnik, Vladimir},
  year={2013},
  publisher={Springer Science \& Business Media}
}

@article{parzen1962estimation,
  title={On estimation of a probability density function and mode},
  author={Parzen, Emanuel},
  journal={The annals of mathematical statistics},
  volume={33},
  number={3},
  pages={1065--1076},
  year={1962},
  publisher={JSTOR}
}

@article{lin2014arbitrage,
  title={On arbitrage-free pricing for general data queries},
  author={Lin, Bing-Rong and Kifer, Daniel},
  journal={Proceedings of the VLDB Endowment},
  volume={7},
  number={9},
  pages={757--768},
  year={2014},
  publisher={VLDB Endowment}
}

@article{koutris2012querymarket,
  title={QueryMarket demonstration: Pricing for online data markets},
  author={Koutris, Paraschos and Upadhyaya, Prasang and Balazinska, Magdalena and Howe, Bill and Suciu, Dan},
  journal={Proceedings of the VLDB Endowment},
  volume={5},
  number={12},
  pages={1962--1965},
  year={2012},
  publisher={VLDB Endowment}
}

@article{shannon2001mathematical,
  title={A mathematical theory of communication},
  author={Shannon, Claude Elwood},
  journal={ACM SIGMOBILE Mobile Computing and Communications Review},
  volume={5},
  number={1},
  pages={3--55},
  year={2001},
  publisher={ACM}
}

@article{Bock1982Marginal,
	title={Marginal maximum likelihood estimation of item parameters},
	author={Bock, R. D. and Aitkin, M.},
	journal={Psychometrika},
	volume={47},
	number={3},
	pages={369-369},
	year={1982},
}

@article{Zhou2017An,
	title={An empirical test of Tobit model robustness in estimating online auction prices over various distributions},
	author={Zhou, Ming and Tian, Shaonan and Park, Taeho},
	journal={International Journal of Mathematics in Operational Research},
	volume={10},
	year={2017},
}

@inproceedings{Vakrat2000Implications,
	title={Implications of the Bidders' Arrival Process on the Design of Online Auctions},
	author={Vakrat, Yaniv and Seidmann, Abraham},
	booktitle={Hawaii International Conference on System Sciences},
	pages={6015},
	year={2000},
}

@article{Chen2007Optimal,
	title={Optimal Design of Online Auction},
	author={Shengli Chen and Huiqiu Wu and Yunfeng Luo},
	pages={64-70},
	year={2007},
}

@book{Bradlow2007Bayesian,
	title={Bayesian Estimation of Bid Sequences in Internet Auctions Using a Generalized Record-Breaking Model},
	author={Bradlow, Eric T and Park, Young Hoon},
	publisher={INFORMS},
	pages={218-229},
	year={2007},
}

@misc{amazonauction,
	title = "Amazon Auction Official Website",
	url = "http://auctions.amazon.com"
}

@article{Lucking1999Using,
	title={Using Field Experiments to Test Equivalence between Auction Formats: Magic on the Internet},
	author={Lucking-Reiley, David},
	journal={American Economic Review},
	volume={89},
	number={5},
	pages={págs.  1063-1080},
	year={1999},
}

@article{Myerson1981Optimal,
	title={Optimal Auction Design},
	author={Myerson, Roger B.},
	journal={Mathematics of Operations Research},
	volume={6},
	number={1},
	pages={58-73},
	year={1981},
}

@article{Pinker2001Using,
	title={Using Transaction Data for the Design of Sequential, Multi-unit, Online Auctions},
	author={Pinker, Edieal J. and Seidmann, Abraham and Vakrat, Yaniv},
	year={2001},
}

@article{Dan2003Buying,
	title={Buying, Bidding, Playing, or Competing? Value Assessment and Decision Dynamics in Online Auctions},
	author={Dan, Ariely and Simonson, Itamar},
	journal={Journal of Consumer Psychology},
	volume={13},
	number={1–2},
	pages={113-123},
	year={2003},
}

@article{Ockenfels2006Online,
	title={Online Auctions},
	author={Ockenfels, Axel and Reiley, David and Sadrieh, Abdolkarim},
	journal={Nber Working Papers},
	volume={volume 310},
	number={3},
	pages={233--241},
	year={2006},
}

@article{Roth2002Last,
	title={Last-Minute Bidding and the Rules for Ending Second-Price Auctions: Evidence from eBay and Amazon Auctions on the Internet},
	author={Roth, Alvin E. and Ockenfels, Axel},
	journal={American Economic Review},
	volume={92},
	number={4},
	pages={1093-1103},
	year={2002},
}

@article{Pinker2001Using,
	title={Using Transaction Data for the Design of Sequential, Multi-unit, Online Auctions},
	author={Pinker, Edieal J. and Seidmann, Abraham and Vakrat, Yaniv},
	year={2001},
}

@article{Beam1998Auctions,
	title={Auctions on the Internet: A Field Study},
	author={Beam, Carrie and Segev, Arie},
	pages={1032},
	year={1998},
}

@article{Lucking2000Auctions,
	title={Auctions on the Internet: What’s Being Auctioned, and How?},
	author={Lucking-Reiley, David},
	journal={Journal of Industrial Economics},
	volume={48},
	number={3},
	pages={227–252},
	year={2000},
}

@inproceedings{li2017first,
  title={A First Look at Information Entropy-Based Data Pricing},
  author={Li, Xijun and Yao, Jianguo and Liu, Xue and Guan, Haibing},
  booktitle={Distributed Computing Systems (ICDCS), 2017 IEEE 37th International Conference on},
  pages={2053--2060},
  year={2017},
  organization={IEEE}
}

@article{Vickrey1961Counterspeculation,
	title={Counterspeculation, Auctions, and Competitive Sealed Tenders},
	author={Vickrey, William},
	journal={The Journal of Finance},
	volume={16},
	number={1},
	pages={8-37},
	year={1961},
}

@article{Riley1981Optimal,
	title={Optimal Auctions},
	author={JG Riley, WF Samuelson },
	journal={American Economic Review},
	volume={71},
	number={3},
	pages={381-392},
	year={1981},
}

@article{Milgrom1982A,
	title={A Theory of Auctions and Competitive Bidding},
	author={Milgrom, Paul R. and Weber, Robert J.},
	journal={Econometrica},
	volume={50},
	number={5},
	pages={1089-1122},
	year={1982},
}

@article{Milgrom1989Auctions,
	title={Auctions and Bidding: A Primer},
	author={Milgrom, Paul},
	journal={Journal of Economic Perspectives},
	volume={3},
	number={3},
	pages={3-22},
	year={1989},
}


@article{Dan2003Buying,
	title={Buying, Bidding, Playing, or Competing? Value Assessment and Decision Dynamics in Online Auctions},
	author={Dan, Ariely and Simonson, Itamar},
	journal={Journal of Consumer Psychology},
	volume={13},
	number={1–2},
	pages={113-123},
	year={2003},
}

@article{Lu1996The,
	title={The Evolutionary Stability of Auctions over Bargaining ☆},
	author={Lu, Xiaohua and Mcafee, R. Preston},
	journal={Games and Economic Behavior},
	volume={15},
	number={2},
	pages={228-254},
	year={1996},
}

@article{Harris1981A,
	title={A Theory of Monopoly Pricing Schemes with Demand Uncertainty},
	author={Harris, Milton and Raviv, Artur},
	journal={American Economic Review},
	volume={71},
	number={3},
	pages={347-365},
	year={1981},
}

@article{Pinker2003Managing,
  title={Managing Online Auctions: Current Business and Research Issues},
  author={Pinker, Edieal J. and Seidmann, Abraham},
  journal={Management Science},
  volume={49},
  number={11},
  pages={1457-1484},
  date={2003},
}

@Misc{MicrosoftAzure,
howpublished = {\url{https://datamarket.azure.com/browse/data}},
title = {Microsoft Windows Azure Marketplace},
}

@Misc{gbdex,
howpublished = {\url{http://www.gbdex.com/website/}},
title = {贵阳大数据交易所},
}

@Misc{chinadatatrading,
howpublished = {\url{http://www.chinadatatrading.com}},
title = {东湖大数据交易中心},
}


@Misc{infochimps,
howpublished = {\url{http://www.infochimps.com/}},
title = {Infochimps Datamarket},
}

@Misc{factual ,
title = {Factual},
howpublished = {\url{https://www.factual.com/}},
}

@article{gantz2012digital,
  title={The digital universe in 2020: Big data, bigger digital shadows, and biggest growth in the far east},
  author={Gantz, John and Reinsel, David},
  journal={IDC iView: IDC Analyze the future},
  volume={2007},
  pages={1--16},
  year={2012}
}

@article{villars2011big,
  title={Big data: What it is and why you should care},
  author={Villars, Richard L and Olofson, Carl W and Eastwood, Matthew},
  journal={White Paper, IDC},
  year={2011}
}

@Misc{idc,
title = {Worldwide Semiannual Big Data and Analytics Spending Guide},
howpublished = {\url{http://www.idc.com/getdoc.jsp?containerId=IDC_P33195}},
}

@article{balazinska2011data,
  title={Data markets in the cloud: An opportunity for the database community},
  author={Balazinska, Magdalena and Howe, Bill and Suciu, Dan},
  journal={Proc. of the VLDB Endowment},
  volume={4},
  number={12},
  pages={1482--1485},
  year={2011}
}

@article{maitland2002european,
  title={The European market for mobile data: evolving value chains and industry structures},
  author={Maitland, Carleen F and Bauer, Johannes M and Westerveld, Rudi},
  journal={Telecommunications Policy},
  volume={26},
  number={9},
  pages={485--504},
  year={2002},
  publisher={Elsevier}
}

@article{turner2014digital,
  title={The digital universe of opportunities: rich data and the increasing value of the internet of things},
  author={Turner, Vernon and Gantz, John F and Reinsel, David and Minton, Stephen},
  journal={IDC Analyze the Future},
  year={2014}
}

@Misc{customlists,
howpublished = {\url{http://www.customlists.net/}},
title = {Custom Lists},
}

@article{koutris2015query,
  title={Query-based data pricing},
  author={Koutris, Paraschos and Upadhyaya, Prasang and Balazinska, Magdalena and Howe, Bill and Suciu, Dan},
  journal={Journal of the ACM (JACM)},
  volume={62},
  number={5},
  pages={43},
  year={2015},
  publisher={ACM}
}

@incollection{bakos2001aggregation,
  title={Aggregation and disaggregation of information goods: Implications for bundling, site licensing, and micropayment systems},
  author={Bakos, Yannis and Brynjolfsson, Erik},
  booktitle={Lectures in E-Commerce},
  pages={103--122},
  year={2001},
  publisher={Springer}
}

@article{bakos1999bundling,
  title={Bundling information goods: Pricing, profits, and efficiency},
  author={Bakos, Yannis and Brynjolfsson, Erik},
  journal={Management science},
  volume={45},
  number={12},
  pages={1613--1630},
  year={1999},
  publisher={INFORMS}
}
